<record xmlns='http://www.loc.gov/MARC21/slim'><leader>01786cim a22004092u 4500</leader><controlfield tag='001'>3601985</controlfield><controlfield tag='005'>20151214183010.0</controlfield><controlfield tag='007'>ss|lmnjluz|nuu</controlfield><controlfield tag='008'>991101s1988    nyunnn         l    eng d</controlfield><datafield ind1=' ' ind2=' ' tag='035'><subfield code='a'>(NIC)notisASF9050</subfield></datafield><datafield ind1=' ' ind2=' ' tag='035'><subfield code='a'>3601985</subfield></datafield><datafield ind1=' ' ind2=' ' tag='035'><subfield code='a'>(OCoLC)63898603</subfield></datafield><datafield ind1=' ' ind2=' ' tag='040'><subfield code='a'>NIC</subfield><subfield code='c'>NIC</subfield><subfield code='d'>NIC</subfield><subfield code='d'>NIC</subfield></datafield><datafield ind1='1' ind2=' ' tag='100'><subfield code='a'>Fitzpatrick, Sheila.</subfield></datafield><datafield ind1='1' ind2='0' tag='245'><subfield code='a'>Provincial Stalinism: scenes from the Great Purge 1937</subfield><subfield code='h'>[sound recording]</subfield></datafield><datafield ind1=' ' ind2=' ' tag='260'><subfield code='c'>1988.</subfield></datafield><datafield ind1=' ' ind2=' ' tag='300'><subfield code='a'>1 sound cassette :</subfield><subfield code='b'>analog, mono.</subfield></datafield><datafield ind1=' ' ind2=' ' tag='500'><subfield code='a'>Recorded in Ithaca, NY by Cornell University.</subfield></datafield><datafield ind1=' ' ind2=' ' tag='500'><subfield code='a'>Sponsored by: University Lectures Committee,Committee on Soviet Studies,History, Department of.</subfield></datafield><datafield ind1=' ' ind2=' ' tag='500'><subfield code='a'>Speaker(s): Oliver H. Radkey Regents&apos; Professor of History, University of Texas at Austin.</subfield></datafield><datafield ind1=' ' ind2=' ' tag='518'><subfield code='a'>Lecture, October 20, 1988.</subfield></datafield><datafield ind1=' ' ind2=' ' tag='520'><subfield code='a'>Fitzpatrick reviews the Moscow and provincial trials, emphasizing the latter&apos;s role in the Great Purge of 1937 and the struggles of peasants to testify against officials on trial.</subfield></datafield><datafield ind1=' ' ind2='0' tag='651'><subfield code='a'>Soviet Union</subfield><subfield code='x'>History</subfield><subfield code='y'>1925-1953.</subfield></datafield><datafield ind1=' ' ind2='0' tag='650'><subfield code='a'>Law</subfield><subfield code='z'>Soviet Union.</subfield></datafield><datafield ind1=' ' ind2='0' tag='650'><subfield code='a'>Trials (Political crimes and offenses)</subfield><subfield code='z'>Russian S.F.S.R.</subfield></datafield><datafield ind1=' ' ind2='0' tag='650'><subfield code='a'>Moscow Trials, Moscow, Russia, 1936-1937.</subfield></datafield><datafield ind1='2' ind2='7' tag='611'><subfield code='a'>Moscow Trials (Russia : 1936-1937)</subfield><subfield code='2'>fast</subfield><subfield code='0'>(OCoLC)fst01709887</subfield></datafield><datafield ind1=' ' ind2='7' tag='648'><subfield code='a'>1925 - 1953</subfield><subfield code='2'>fast</subfield></datafield><datafield ind1=' ' ind2='7' tag='650'><subfield code='a'>Law</subfield><subfield code='2'>fast</subfield><subfield code='0'>(OCoLC)fst00993678</subfield></datafield><datafield ind1=' ' ind2='7' tag='650'><subfield code='a'>Trials (Political crimes and offenses)</subfield><subfield code='2'>fast</subfield><subfield code='0'>(OCoLC)fst01156388</subfield></datafield><datafield ind1=' ' ind2='7' tag='651'><subfield code='a'>Russia (Federation)</subfield><subfield code='2'>fast</subfield><subfield code='0'>(OCoLC)fst01262050</subfield></datafield><datafield ind1=' ' ind2='7' tag='651'><subfield code='a'>Russia (Federation)</subfield><subfield code='z'>Moscow</subfield><subfield code='2'>fast</subfield><subfield code='0'>(OCoLC)fst01205741</subfield></datafield><datafield ind1=' ' ind2='7' tag='651'><subfield code='a'>Soviet Union</subfield><subfield code='2'>fast</subfield><subfield code='0'>(OCoLC)fst01210281</subfield></datafield><datafield ind1=' ' ind2='0' tag='830'><subfield code='a'>University lectures.</subfield></datafield><datafield ind1='1' ind2=' ' tag='899'><subfield code='a'>CULectures</subfield></datafield><datafield ind1=' ' ind2=' ' tag='905'><subfield code='a'>20000405120000.0</subfield></datafield><datafield ind1='2' ind2=' ' tag='948'><subfield code='a'>20141221</subfield><subfield code='b'>m</subfield><subfield code='d'>batch</subfield><subfield code='e'>lts</subfield><subfield code='x'>addfast</subfield></datafield></record>